@book{hardy_apology,
	author    = {Godfrey Harold Hardy},
	title     = {A Mathematician's Apology},
	date      = {1940-11},
    publisher = {University of Alberta Mathematical Sciences Society},
	url       = {https://www.math.ualberta.ca/mss/misc/A%20Mathematician%27s%20Apology.pdf}
}

@book{lockhart_lament,
    author    = {Paul Lockhart},
    title     = {A Mathematician's Lament},
    publisher = {Mathematical Association of America},
    url       = {https://www.maa.org/external_archive/devlin/LockhartsLament.pdf}
}

@book{aristotle_poetics,
    author    = {Aristóteles},
    title     = {On The Art Of Poetry},
    publisher = {Project Gutemberg},
    date      = {2004-10-01},
    url       = {https://www.gutenberg.org/ebooks/6763}
}

@book{plato_republic,
    author    = {Platão},
    title     = {The Republic of Plato},
    publisher = {Project Gutemberg},
    date      = {2017-07-26},
    url       = {https://www.gutenberg.org/ebooks/6763}
}

@book{taine_artphilosophy,
    author    = {Hippolyte Taine},
    title     = {The Philosophy of Art},
    publisher = {Project Gutemberg},
    date      = {2016-09-04},
    url       = {https://www.gutenberg.org/ebooks/52980}
}

@book{davinci_thoughtsonart,
    author    = {Leonardo Da Vinci},
    title     = {Thoughts on Art and Life},
    publisher = {Project Gutemberg},
    date      = {2009-09-04},
    url       = {https://www.gutenberg.org/ebooks/29904}
}

@book{beatty,
    author    = {John William Beatty},
    title     = {The Relation of Art To nature},
    publisher = {Project Gutemberg},
    date      = {2016-11-08},
    url       = {https://www.gutenberg.org/ebooks/53477}
}

@article{gouzouasis,
    author    = {Peter Gouzouasis},
    title     = {Technology as Arts-Based Education: Does the Desktop Reflect the Arts?},
    journal   = {Arts Education Policy Review},
    volume    = {107},
    number    = {5},
    pages     = {3-9},
    year      = {2006},
    publisher = {Routledge},
    doi       = {10.3200/AEPR.107.5.3-9},
    url       = {https://doi.org/10.3200/AEPR.107.5.3-9},
    eprint    = {https://doi.org/10.3200/AEPR.107.5.3-9}
}

@article{braga_mcluhan,
    author  = {Adriana Braga},
    title   = {McLuhan entre conceitos e aforismos},
    journal = {ALCEU},
    volume  = {12},
    number  = {24},
    pages   = {48--55},
    year    = 2012,
    url     = {http://revistaalceu-acervo.com.puc-rio.br/cgi/cgilua.exe/sys/start.htm?sid=36}
}

@article{gardner,
    author  = {Howard Gardner},
    title   = {The Happy Meeting of Multiple Intelligences and the Arts},
    journal = {Harvard Education Letter},
    volume  = {15},
    number  = {6},
    year    = 1999,
    url     = {https://www.hepg.org/hel-home/issues/15_6/helarticle/the-happy-meeting-of-multiple-intelligences-and-th}
}

@book{bense,
    author    = {Max Bense},
    title     = {Pequena Estética},
    publisher = {Editora Perspectiva},
    year      = {2003},
    edition   = {3},
    isbn      = {85-273-0385-X},
    location  = {São Paulo, SP. Brasil},
}